<record><leader>00000cas a22000007a 4500</leader><controlfield tag="001">18769408</controlfield><controlfield tag="008">881116c19889999idudn ne      0   a0eng d</controlfield><datafield ind1=" " ind2=" " tag="010"><subfield code="a">sn 88056088 </subfield></datafield><datafield ind1=" " ind2=" " tag="040"><subfield code="a">NVB</subfield><subfield code="b">eng</subfield><subfield code="c">NVB</subfield><subfield code="d">NSD</subfield><subfield code="d">OCLCQ</subfield><subfield code="d">OCLCF</subfield><subfield code="d">OCLCO</subfield></datafield><datafield ind1=" " ind2=" " tag="012"><subfield code="m">1</subfield></datafield><datafield ind1="1" ind2=" " tag="022"><subfield code="a">1047-6822</subfield><subfield code="l">1047-6822</subfield><subfield code="2">1</subfield></datafield><datafield ind1=" " ind2=" " tag="032"><subfield code="a">130070</subfield><subfield code="b">USPS</subfield></datafield><datafield ind1=" " ind2=" " tag="037"><subfield code="b">Bonner County Daily Bee, P.O. Box 159/310 Church St., Sandpoint, ID 83864</subfield></datafield><datafield ind1=" " ind2=" " tag="042"><subfield code="a">msc</subfield><subfield code="a">nsdp</subfield></datafield><datafield ind1=" " ind2=" " tag="043"><subfield code="a">n-us-id</subfield></datafield><datafield ind1=" " ind2="0" tag="222"><subfield code="a">Bonner County daily bee</subfield></datafield><datafield ind1="0" ind2="0" tag="245"><subfield code="a">Bonner County daily bee.</subfield></datafield><datafield ind1=" " ind2=" " tag="260"><subfield code="a">Sandpoint, Idaho :</subfield><subfield code="b">J. Thompson</subfield></datafield><datafield ind1=" " ind2=" " tag="300"><subfield code="a">v.</subfield></datafield><datafield ind1=" " ind2=" " tag="310"><subfield code="a">Daily (except Sun. and Mon.),</subfield><subfield code="b">&lt;Nov. 2, 1989-&gt;</subfield></datafield><datafield ind1=" " ind2=" " tag="321"><subfield code="a">Daily (except Mon.),</subfield><subfield code="b">June 7, 1989-</subfield></datafield><datafield ind1=" " ind2=" " tag="321"><subfield code="a">Daily (except Sat.),</subfield><subfield code="b">Oct. 3, 1988-June 5, 1989</subfield></datafield><datafield ind1="0" ind2=" " tag="362"><subfield code="a">Vol. 23, no. 87 (Oct. 3, 1988)-</subfield></datafield><datafield ind1=" " ind2=" " tag="588"><subfield code="a">Latest issue consulted: Vol. 24, no. 133 (Nov. 2, 1989).</subfield></datafield><datafield ind1=" " ind2="0" tag="651"><subfield code="a">Sandpoint (Idaho)</subfield><subfield code="v">Newspapers.</subfield></datafield><datafield ind1=" " ind2="7" tag="655"><subfield code="a">Newspapers.</subfield><subfield code="2">fast</subfield><subfield code="0">(OCoLC)fst01423814</subfield></datafield><datafield ind1=" " ind2="7" tag="651"><subfield code="a">Idaho</subfield><subfield code="z">Sandpoint.</subfield><subfield code="2">fast</subfield><subfield code="0">(OCoLC)fst01210765</subfield></datafield><datafield ind1=" " ind2=" " tag="752"><subfield code="a">United States</subfield><subfield code="b">Idaho</subfield><subfield code="c">Bonner</subfield><subfield code="d">Sandpoint.</subfield></datafield><datafield ind1="0" ind2="0" tag="780"><subfield code="t">Sandpoint daily bee</subfield><subfield code="w">(DLC)sn 88056087</subfield></datafield></record>